<?xml version="1.0" encoding="UTF-8"?><collection xmlns="http://www.loc.gov/MARC21/slim"><record><leader>00554nam--2200181-u-4500</leader><controlfield tag="001">000053148</controlfield><controlfield tag="002">20161230</controlfield><controlfield tag="005">20161230201051</controlfield><controlfield tag="008">110107s1000------------r-----000-0-eng-d</controlfield><datafield ind1=" " ind2=" " tag="040"><subfield code="a">IFIN-HH</subfield></datafield><datafield ind1=" " ind2=" " tag="080"><subfield code="a">539.12...17:539.1.078(043.2)</subfield></datafield><datafield ind1="1" ind2=" " tag="100"><subfield code="a">Petris, Mariana</subfield></datafield><datafield ind1="1" ind2="0" tag="245"><subfield code="a">Contributii la dezvoltarea unor sisteme de detectie de inalta performanta</subfield><subfield code="b">Teze</subfield><subfield code="c">Mariana petris</subfield></datafield><datafield ind1=" " ind2=" " tag="260"><subfield code="a">Bucuresti</subfield><subfield code="b">Ifa</subfield><subfield code="c">2005</subfield></datafield><datafield ind1=" " ind2=" " tag="300"><subfield code="a">190 P</subfield></datafield><datafield ind1=" " ind2=" " tag="502"><subfield code="a">Conducator Stintific: Prof. Dr. Mihai Petrovici</subfield></datafield><datafield ind1=" " ind2=" " tag="852"><subfield code="a">81636</subfield><subfield code="c">539.131</subfield></datafield><datafield ind1=" " ind2=" " tag="CAT"><subfield code="a">Sys</subfield><subfield code="c">20110107</subfield><subfield code="h">102540</subfield></datafield></record></collection>